@book{BaezaYates1999,
abstract = {From the Publisher: This is a rigorous and complete textbook for a first course on information retrieval from the computer science (as opposed to a user-centred) perspective. The advent of the Internet and the enormous increase in volume of electronically stored information generally has led to substantial work on IR from the computer science perspective - this book provides an up-to-date student oriented treatment of the subject.},
archivePrefix = {arXiv},
arxivId = {9780201398298},
author = {Baeza-Yates, Ricardo and Ribeiro-Neto, Berthier},
booktitle = {New York},
doi = {10.1080/14735789709366603},
eprint = {9780201398298},
file = {:home/carsy/.local/share/data/Mendeley Ltd./Mendeley Desktop/Downloaded/Baeza-Yates, Ribeiro-Neto - 1999 - Modern Information Retrieval.pdf:pdf},
isbn = {020139829X},
issn = {0022541X},
keywords = {*csw07,10/20,8081 times cited,9,Baeza-Yates:1999,Folder - 888\_2010,Folder - Computational Photography,Folder - DM,Folder - Mestrado - Fabio Teixeira,Folder - Recepera\c{c}\~{a}o Classica,Folder - TP VC,Folder - Term Project,Folder - typography,INF6060,IT,Information storage and retrieval systems,Information storage and retrieval systems.,Informa\c{c}\~{a}o,Intelig\^{e}ncia artificial,L.C.L,LBSC670,LBSC888,LBSC888 Doug,Multi-modal Speaker Tracking,Recupera\c{c}\~{a}o de informa\c{c}\~{a}o,Sistemas multimedia,Syst\`{e}mes d'information,TEAM-related Publication,Tesi,VSM,Z667 .B34,[BAE99],acesso,algorithm,algorithms,allpurpose,aus IR-Book,baeza-yates.1998.mir,bibliography,book,books,c8515,cited,classical,cleared,clustering,conference,content\_based\_retrieval,coverage,e-learning,estimation,evaluation,extensive,inf\_retrieval,information,information retrieval,information value,information-retrieval,information\_retrieval,informationretrieval,ir,lang:ENG,libros,link-analysis,meam620,mestrado,mining,misc,model\_retrieval,models,multimedia,multimedia-ir,novelty,ontologies,p00019,pesquisa bibliogr\'{a}fica automatizada,probabilistic-model,quantitative,readed,refs-tfm,relevance,relevance-feedback,retrieval,revisado-CIIB,search,search\&retrieval,search-engine,sebis Lehrstuhlbibliothek,smoothing,survey,tagging,text,textbook,theoretical\_foundations,thesis,trec,vector-space-model,web-ir,web-search,webir,wu magazin,yatesneto99},
mendeley-tags = {*csw07,10/20,8081 times cited,9,Baeza-Yates:1999,Folder - 888\_2010,Folder - Computational Photography,Folder - DM,Folder - Mestrado - Fabio Teixeira,Folder - Recepera\c{c}\~{a}o Classica,Folder - TP VC,Folder - Term Project,Folder - typography,INF6060,IT,Information storage and retrieval systems,Information storage and retrieval systems.,Informa\c{c}\~{a}o,Intelig\^{e}ncia artificial,L.C.L,LBSC670,LBSC888,LBSC888 Doug,Multi-modal Speaker Tracking,Recupera\c{c}\~{a}o de informa\c{c}\~{a}o,Sistemas multimedia,Syst\`{e}mes d'information,TEAM-related Publication,Tesi,VSM,Z667 .B34,[BAE99],acesso,algorithm,algorithms,allpurpose,aus IR-Book,baeza-yates.1998.mir,bibliography,book,books,c8515,cited,classical,cleared,clustering,conference,content\_based\_retrieval,coverage,e-learning,estimation,evaluation,extensive,inf\_retrieval,information,information retrieval,information value,information-retrieval,information\_retrieval,informationretrieval,ir,lang:ENG,libros,link-analysis,meam620,mestrado,mining,misc,model\_retrieval,models,multimedia,multimedia-ir,novelty,ontologies,p00019,pesquisa bibliogr\'{a}fica automatizada,probabilistic-model,quantitative,readed,refs-tfm,relevance,relevance-feedback,retrieval,revisado-CIIB,search,search\&retrieval,search-engine,sebis Lehrstuhlbibliothek,smoothing,survey,tagging,text,textbook,theoretical\_foundations,thesis,trec,vector-space-model,web-ir,web-search,webir,wu magazin,yatesneto99},
pages = {513},
pmid = {4520227},
title = {{Modern Information Retrieval}},
url = {http://web.simmons.edu/~benoit/LIS466/Baeza-Yateschap01.pdf},
volume = {463},
year = {1999}
}
@article{Costa2008,
annote = {Last.fm => graph of artists and overlaid tags},
author = {Costa, BG and Gouyon, Fabien and Sarmento, L},
file = {:home/carsy/Dropbox/ucs/pdis/bib/CostaGouyonSarmento\_ARTECH2008.pdf:pdf},
keywords = {Music,User interfaces,Visualization},
title = {{A Prototype for Visualizing Music Artist Networks}},
url = {http://www.inescporto.pt/~fgouyon/docs/CostaGouyonSarmento\_ARTECH2008.pdf},
year = {2008}
}
@article{Costa2009,
abstract = {We present RAMA (Relational Artist Maps), a web-based tool for visualizing and interacting with networks of music artists. RAMA operates on data that covers hundreds of thousands of artists and three million user-generated tags, collected from Last.fm web radio. Artist names are presented in a connected graph, which also contains visual information concerning (i) artist similarities, (ii) artist popularity and (ii) associated tags. Differing from existing artist network visualization tools, RAMA emphasizes commonalities as well as main differences between artist categorizations at the level of user-deÔ¨Åned tags. A number of interactive features also provide an enhanced user browsing experience, and aims to help users expand their knowledge about the world of music. RAMA is available at http://rama.inescporto.pt},
author = {Costa, Diogo and Sarmento, Luis and Gouyon, Fabien},
file = {:home/carsy/Dropbox/ucs/pdis/bib/CostaSarmentoGouyon-lateBreaking-ISMIR09.pdf:pdf},
number = {i},
pages = {2},
title = {{RAMA : An Interactive Artist Network Visualization Tool}},
url = {http://ismir2009.ismir.net/proceedings/LBD-2.pdf},
year = {2009}
}
@article{Gouyon2011,
author = {Gouyon, Fabien and Cruz, Nuno and Sarmento, Luis},
file = {:home/carsy/Dropbox/ucs/pdis/bib/LB-3\_2011.pdf:pdf},
title = {{A last.fm and youtube mash-up for music browsing and playlist edition}},
year = {2011}
}
@article{Herrada2008,
author = {Herrada, Celma},
file = {:home/carsy/Dropbox/ucs/pdis/bib/PhD\_ocelma.pdf:pdf},
title = {{Music recommendation and discovery in the long tail `}},
year = {2008}
}
@article{Sarmento2009,
author = {Sarmento, L and Oliveira, EC},
file = {:home/carsy/Dropbox/ucs/pdis/bib/SarmentoGouyonCostaOliveira\_WebIST2009.pdf:pdf},
journal = {International Conference on Web \ldots},
keywords = {content ranking using social,information visualization,media,search interfaces,user interfaces for search},
title = {{Visualizing networks of music artists with rama}},
url = {http://repositorio-aberto.up.pt/bitstream/10216/15194/2/18675.pdf http://repositorio-aberto.up.pt/handle/10216/15194},
year = {2009}
}
