%!TEX root = ../report.tex

@book{Baeza-Yates1999,
  author = {Baeza-Yates, Ricardo and Ribeiro-Neto, Berthier},
  booktitle = {New York},
  doi = {10.1080/14735789709366603},
  pages = {513},
  pmid = {4520227},
  title = {{Modern Information Retrieval}},
  url = {http://web.simmons.edu/~benoit/LIS466/Baeza-Yateschap01.pdf},
  volume = {463},
  year = {1999}
}
@article{Costa2008,
  annote = {Last.fm => graph of artists and overlaid tags},
  author = {Costa, BG and Gouyon, Fabien and Sarmento, L},
  title = {{A Prototype for Visualizing Music Artist Networks}},
  url = {http://www.inescporto.pt/~fgouyon/docs/CostaGouyonSarmento\_ARTECH2008.pdf},
  year = {2008}
}
@article{Costa2009,
  author = {Costa, Diogo and Sarmento, Luis and Gouyon, Fabien},
  number = {i},
  pages = {2},
  title = {{RAMA : An Interactive Artist Network Visualization Tool}},
  url = {http://ismir2009.ismir.net/proceedings/LBD-2.pdf},
  year = {2009}
}
@article{Gouyon2011,
  author = {Gouyon, Fabien and Cruz, Nuno and Sarmento, Luis},
  title = {{A Last.fm and YouTube Mash-up for Music Browsing and Playlist Edition}},
  url={http://ismir2011.ismir.net/latebreaking/LB-3.pdf},
  year = {2011}
}
@article{Herrada2008,
  author = {Herrada, Celma},
  title = {{Music recommendation and discovery in the long tail `}},
  year = {2008}
}
@article{Sarmento2009,
  author = {Sarmento, L and Oliveira, EC},
  journal = {International Conference on Web \ldots},
  title = {{Visualizing networks of music artists with rama}},
  url = {http://repositorio-aberto.up.pt/bitstream/10216/15194/2/18675.pdf},
  year = {2009}
}
@article{Lamere2008,
  author = {Lamere, P.},
  title = {{Creating transparent, steerable recommendations}},
  year = {2008},
  booktitle={Late--breaking Demos. Proceedings of the 8th International Conference on Music Information Retrieval},
  url={http://www.mirlab.org/conference_papers/International_Conference/ISMIR%202008/latebreak/lamere.pdf}
}
@ARTICLE{Fields2011, 
  author={Fields, B. and Jacobson, K. and Rhodes, C. and d'Inverno, M. and Sandler, M. and Casey, M.}, 
  journal={Multimedia, IEEE Transactions on}, 
  title={Analysis and Exploitation of Musician Social Networks for Recommendation and Discovery}, 
  year={2011}, 
  month={Aug}, 
  volume={13}, 
  number={4}, 
  pages={674-686}, 
  doi={10.1109/TMM.2011.2111365}, 
  ISSN={1520-9210}
}
@inproceedings{Lamere2007using3D,
  title={Using 3D Visualizations to Explore and Discover Music.},
  author={Lamere, Paul and Eck, Douglas},
  booktitle={ISMIR},
  pages={173--174},
  year={2007},
  url={http://musicalevent.googlecode.com/svn/trunk/bibliography/2007-lamere.pdf}
}
@misc{bworld,
  author = {Ingo LÃ¼tkebohle},
  title = {{BWorld Robot Control Software}},
  howpublished = "\url{http://aiweb.techfak.uni-bielefeld.de/content/bworld-robot-control-software/}",
  year = {2008}, 
  note = "[Online; accessed 19-July-2008]"
}
@misc{8tracks,
  title = {{8tracks' Product Vision}},
  howpublished = "\url{http://8tracks.com/about}",
  note = "[Online; accessed 20-June-2014]"
}
@misc{spotify,
  title = {{Spotify's About page}},
  howpublished = "\url{https://www.spotify.com/uk/about-us/contact/}",
  note = "[Online; accessed 20-June-2014]"
}
@misc{rdio,
  title = {{Rdio's Product Vision}},
  howpublished = "\url{http://www.rdio.com/about/}",
  note = "[Online; accessed 20-June-2014]"
}
@misc{pandora,
  title = {{Pandora's music recommendation system}},
  howpublished = "\url{http://www.pandora.com/about}",
  note = "[Online; accessed 20-June-2014]"
}
